@article{manual,
  title   = {Lab Manual},
  author  = {SPS},
  note    = {\url{https://www.niser.ac.in/sps/sites/default/files/5_Specific%20charge%20of%20electron.pdf}},
  year    = {2023},
  journal = {Website}
}

@article{manual2,
  title   = {LEYBOLD Fine beam tube instruction sheet (555 581)},
  author  = {Leybold Didactic},
  note    = {\url{https://www.ld-didactic.de/documents/en-US/GA/GA/5/555/555571e.pdf}},
  year    = {2023},
  journal = {Website}
}
