@MANUAL{manual,
   author = "SPS",
   title = "Operational Amplifiers (Supplementary note)",
   organization = "NISER",
   year = 2023,
}

@BOOK{opamps,
   author       = {Ramakant A. Gayakwad},
   year         = 2015,
   title        = {Op-Amps and Linear Integrated Circuits},
   publisher    = {Pearson}
}

@BOOK{artofelec,
   author       = {Paul Horowitz and Winfield Hill},
   year         = 2015,
   title        = {The art of electronics},
   publisher    = {Cambridge University Press}
}