@MANUAL{manual,
   author = "SPS",
   title = "Measurement of resistivity and determination  band gap using Four-Probe method",
   organization = "NISER",
   year = 2022,
}

@book{Ashcroft_Mermin_1976,
  title     = {Solid State Physics},
  author    = {Ashcroft, Neil W. and Mermin, N. David},
}