@manual{manual,
  author       = {SPS},
  title        = {Study of lattice vibrations using electronic circuits},
  organization = {NISER},
  year         = 2023
}

@booklet{k1,
  author = {David Tong},
  title  = {Applications of Quantum Mechanics}
}

@book{Ashcroft_Mermin_1976,
  title     = {Solid State Physics},
  publisher = {Cengage Learning},
  author    = {Ashcroft, Neil W. and Mermin, N. David},
  year      = {1976},
  month     = jan
}