@MANUAL{manual,
   title = "G.M. Counting System: User Manual",
   organization = "Nucleonix Systems Pvt. Ltd.",
   year = 2022,
}
