@manual{manual,
  author       = {SPS},
  title        = {Ultraviolet-Visible Spectroscopy to determine the nature of band gap and
estimation of the bandgap},
  organization = {NISER},
  year         = 2023
}

@book{Pankove_1975,
  title  = {Optical processes in semiconductors},
  url    = {https://lib.ugent.be/en/catalog/rug01:000098239},
  author = {Pankove, Jacques Isaac},
  year   = {1975},
  month  = jan
}

@incollection{HUI20091,
  title     = {Chapter 1 - Fundamentals of Optical Devices},
  editor    = {Rongqing Hui and Maurice O'Sullivan},
  booktitle = {Fiber Optic Measurement Techniques},
  publisher = {Academic Press},
  address   = {Boston},
  pages     = {1-128},
  year      = {2009},
  isbn      = {978-0-12-373865-3},
  doi       = {https://doi.org/10.1016/B978-0-12-373865-3.00001-X},
  url       = {https://www.sciencedirect.com/science/article/pii/B978012373865300001X},
  author    = {Rongqing Hui and Maurice O'Sullivan}
}