@MANUAL{manual,
   author = "LD Didactic GmbH",
   title = "Rutherford scattering: measuring the scattering rate as a function of the scattering angle and the atomic number",
   organization = "LD Physics leaflets",
   year = 2023,
}