@MANUAL{manual,
   author = "SPS",
   title = "Study of Frequency Dependence of Dielectric Constant and Ferroelectric to Paraelectric Phase Transition of BaTiO3 by Study of Dielectric Constant as a Function of Temperature and Frequency",
   organization = "NISER",
   year = 2023,
}

@book{Kittel_2004,
  title     = {Introduction to Solid State Physics},
  publisher = {Wiley},
  author    = {Kittel, Charles},
  year      = {2004},
  month     = nov
}