@MANUAL{manual,
   author = "SPS",
   title = "STUDY OF LOCK-IN AMPLIFIER",
   organization = "NISER",
   year = 2023,
}