@MANUAL{manual,
   title = "G.M. Counting System: User Manual",
   organization = "Nucleonix Systems Pvt. Ltd.",
   year = 2022,
}

@online{Cs_Half_Life,
    title = {Table of Radionuclides (vol. 3 to 244)},
    author = { M. M. Bé and  V. Chisté},
    journal={Monographie BIPM, 5.},
    year = 2006
}