@MANUAL{manual,
   author = "SPS",
   title = "ELECTRON SPIN RESONANCE USING DPPH",
   organization = "NISER",
   year = 2023,
}