@MANUAL{manual,
   author = "SPS",
   title = "Franck-Hertz experiment using Neon tube",
   organization = "NISER",
   year = 2023,
}