@MANUAL{manual,
   author = "SPS",
   title = "Experimental Manual: MCA with Anuspect",
   organization = "Nucleonix Systems",
   year = 2023,
}
@MANUAL{manual2,
   author = "SPS",
   title = "Gamma ray spectroscopy with Single Channel Analyser",
   organization = "NISER",
   year = 2023,
}
@incollection{KERLIN2019213,
title = {Chapter 16 - Nuclear plant instrumentation},
editor = {Thomas W. Kerlin and Belle R. Upadhyaya},
booktitle = {Dynamics and Control of Nuclear Reactors},
publisher = {Academic Press},
pages = {213-235},
year = {2019},
isbn = {978-0-12-815261-4},
doi = {https://doi.org/10.1016/B978-0-12-815261-4.00016-0},
url = {https://www.sciencedirect.com/science/article/pii/B9780128152614000160},
author = {Thomas W. Kerlin and Belle R. Upadhyaya},
keywords = {Neutron detectors, In-core and ex-core neutron detectors, Temperature sensors, Pressure transmitters, Level sensors, Flow meters, PWR instrumentation, BWR instrumentation, CANDU reactor instrumentation, Advanced reactor instrumentation}
}