@MANUAL{manual,
   author = "SPS",
   title = "Zeeman Effect (Lab Manual)",
   organization = "NISER",
   year = 2024,
}

@book{Riethmuller_2013, 
   title="Tools for Solar Observations-III Zeeman effect. Magnetic fields and polarimetry", 
   author="Riethmuller", 
   year="2013" 
}