@MANUAL{manual,
   author = "SPS",
   title = "Lab Manual: Study of magnetic hysteresis in ferromagnetic materials",
   organization = "NISER",
   year = 2023,
}

@BOOK{Kittel,
   author       = {Kittel, C. },
   year         = 1996,
   title        = {Introduction to Solid State Physics},
   publisher    = {John Wiley \& Sons.}
}