@MANUAL{manual,
   author = "SPS",
   title = "Hall effect of semiconductors",
   organization = "NISER",
   year = 2023,
}

@book{key,
  author = {E. H. Putley},
  title = {Hall Effect and Related Phenomena},
  year = {1960}
}
