@MANUAL{manual,
   author = "SPS",
   title = "Characteristic Response of a Photomultiplier Tube (PMT)",
   organization = "NISER",
   year = 2023,
}

@manual{key,
  author = {G.F. Knoll},
  title = {Radiation detection and measuremen}
}