@MANUAL{manual,
   author = "SPS",
   title = "Measurement of Elementary charge by Millikan oil drop method",
   organization = "NISER",
   year = 2023,
}

@article{key,
  author = {R. A. Millikan},
  journal = {Rev. 32 349},
  title = {On the Elementary Electrical Charge and the Avogadro
Constant},
  year = {1911}
}