@article{manual,
  title   = {Lab Manual},
  author  = {SPS},
  note    = {\url{https://www.niser.ac.in/sps/sites/default/files/6_Transistor%20characteristics.pdf}},
  year    = {2023},
  journal = {Website}
}