@MANUAL{manual,
   author = "SPS",
   title = "Study of Compton Scattering",
   organization = "NISER",
   year = 2023,
}

@MANUAL{manual2,
   author = "LD Didactic GmbH",
   title = "Quantitative observation of the Compton effect",
   organization = "LD Physics leaflets",
   year = 2023,
}