@MANUAL{manual,
   author = "SPS",
   title = "Design and Study of IC 555 Multivibrator Circuits",
   organization = "NISER",
   year = 2024,
}

@BOOK{artofelec,
   author       = {Paul Horowitz and Winfield Hill},
   year         = 2015,
   title        = {The art of electronics},
   publisher    = {Cambridge University Press}
}