@MANUAL{manual,
   author = "SPS",
   title = "I-V Characteristics of a Solar Cell",
   organization = "NISER",
   year = 2023,
}