@MANUAL{manual,
   author = "B P Ajith Kumar and V V V Satyanarayana",
   title = "The ExpEYES-17 Userâ€™s Manual",
   organization = "The Phoenix Project, Inter University Accelerator Center",
   year = 2017,
}

@article{biswas-2022,
	author = {Biswas, Subhrajyoti},
	journal = {Physics Education},
	month = {1},
	number = {2},
	pages = {025026},
	title = {{Determination of the band gap of germanium and silicon using ExpEYES-17 kit}},
	volume = {57},
	year = {2022},
	doi = {10.1088/1361-6552/ac3b95},
	url = {https://doi.org/10.1088/1361-6552/ac3b95},
}

@article{varshni-1967,
	author = {Varshni, Y.P.},
	journal = {Physica},
	month = {1},
	number = {1},
	pages = {149--154},
	title = {{Temperature dependence of the energy gap in semiconductors}},
	volume = {34},
	year = {1967},
	doi = {10.1016/0031-8914(67)90062-6},
	url = {https://doi.org/10.1016/0031-8914(67)90062-6},
}