@manual{manual,
  author    = {B.P.,Jithin and O.S.K.S Sastri},
  title        = {User Manual: GammaSpec-1K},
  organization = {CSpark Research},
  year         = 2023
}

@book{Jithin_Sastri_2018,
  title     = {Indigenously developed gamma spectrometer},
  volume    = {63},
  url       = {http://sympnp.org/proceedings/63/G19.pdf.},
  publisher = {Proceedings of the DAE Symp. on Nucl. Phys.},
  year      = {2018},
  author    = {B.P.,Jithin and O.S.K.S Sastri}
}