@MANUAL{manual,
   author = "SPS",
   title = "Lab Manual: Coefficient of thermal expansion of metals by Fizeau's interferometer.",
   organization = "NISER",
   year = 2023,
}