@MANUAL{manual,
   title = "expEYES-17 User Manual",
   organization = "Projet PHOENIX, Inter-University Accelerator Centre",
   year = 2022,
   url = {https://csparkresearch.in/assets/pdfs/expeyes17.pdf}
}

@article{maryam-2014,
	author = {Maryam, K M Najiya},
	journal = {Physics Education},
	month = {5},
	number = {3},
	pages = {319--325},
	title = {{EM induction experiment to determine the moment of a magnet}},
	volume = {49},
	year = {2014},
	doi = {10.1088/0031-9120/49/3/319},
	url = {https://doi.org/10.1088/0031-9120/49/3/319},
}