@MANUAL{manual,
   title = "MOSFET Physics",
   organization = "MKS",
   year = 2018,
   url = "https://www.mks.com/n/mosfet-physics"
}

@BOOK{artofelec,
   author       = {Paul Horowitz and Winfield Hill},
   year         = 2015,
   title        = {The art of electronics},
   publisher    = {Cambridge University Press}
}