@MANUAL{manual,
   author = "SPS",
   title = "Emission spectra of metals using constant deviation spectrometer",
   organization = "NISER",
   year = 2023,
}