

@book{Kittel_2004,
  title     = {Introduction to Solid State Physics},
  publisher = {Wiley},
  author    = {Kittel, Charles},
  year      = {2004},
  month     = nov
}

@Misc{smat2017,
  title="Hall Coefficient of bismuth (Bi): Data extracted from the Landolt-B{\"o}rnstein book series",
  publisher="Springer-Verlag Berlin Heidelberg, Germany",
  url="https://materials.springer.com/interactive?systemId=29&propertyId=Hall+coefficient&database=semiconductor"
}