@MANUAL{manual,
   author = "SPS",
   title = "Capacitance-Voltage (C-V) characteristics of a solar cell",
   organization = "NISER",
   year = 2023,
}

@article{key,
  author = {J. Joy and M. P. Date and B.M. Arora and K. L. Narasimhan and Tallur S.},
  journal = {American Journal of Physics},
  number = {10},
  title = {Capacitance-voltage profiling of MOS capacitors: A case study of hands-on semiconductor testing for an undergraduate laboratory. },
  volume = {86},
  year = {2018},
  doi = {10.1119/1.5052360}
}