@MANUAL{manual,
   author = "SPS",
   title = "Study of Magnetic Resonance with a Compass",
   organization = "NISER",
   year = 2023,
}