@MANUAL{manual,
   author = "SPS",
   title = "Digital to Analog Converter (DAC) and Analog to Digital Converter (ADC)",
   organization = "NISER",
   year = 2023,
}

@BOOK{artofelec,
   author       = {Paul Horowitz and Winfield Hill},
   year         = 2015,
   title        = {The art of electronics},
   publisher    = {Cambridge University Press}
}