@MANUAL{manual,
   author = "SPS",
   title = "Study of Various Flip-Flop Circuits",
   organization = "NISER",
   year = 2023,
}

@BOOK{artofelec,
   author       = {Paul Horowitz and Winfield Hill},
   year         = 2015,
   title        = {The art of electronics},
   publisher    = {Cambridge University Press}
}