@MANUAL{manual,
   author = "SPS",
   title = "Emission spectra of Hydrogen (Balmer series) and
determination of Rydbergâ€™s constant",
   organization = "NISER",
   year = 2023,
}