@article{manual,
  title   = {Lab Manual},
  author  = {SPS},
  note    = {\url{https://www.niser.ac.in/sps/sites/default/files/10_RC_coupled_two_stage_transistor_amplifier.pdf}},
  year    = {2023},
  journal = {Website}
}